@book{Allen_1987,
	Author = {Allen, M.P. and Tildesley, D.J.},
	Title = {Computer Simulation of Liquids},
	Publisher = {Oxford University Press},
    Address = {Oxford, UK},
	Year = {1987}
}

@book{Frenkel_2002,
	title={Understanding Molecular Simulation: From Algorithms to Applications},
	author={Frenkel, D. and Smit, B.},
	series={Computational science series},
	year={2002},
	publisher={Academic Press},
	address = {San Diego, CA, USA}
}

@book{Tuckerman_2010,
	Title = {Statistical Mechanics: Theory and Molecular Simulation},
	Author = {Tuckerman, Mark E.},
	Publisher = {Oxford University Press},
	Address = {Oxford, UK},
	Year = {2010}
}

@article{Chodera_2011,
	doi = {10.1063/1.3660669},
	url = {https://doi.org/10.1063%2F1.3660669},
	year = 2011,
	month = {nov},
	publisher = {{AIP} Publishing},
	volume = {135},
	number = {19},
	pages = {194110},
	author = {John D. Chodera and Michael R. Shirts},
	title = {Replica exchange and expanded ensemble simulations as Gibbs sampling: Simple improvements for enhanced mixing},
	journal = {The Journal of Chemical Physics}
}

@article{Shirts_2008,
	doi = {10.1063/1.2978177},
	url = {https://doi.org/10.1063%2F1.2978177},
	year = 2008,
	month = {sep},
	publisher = {{AIP} Publishing},
	volume = {129},
	number = {12},
	pages = {124105},
	author = {Michael R. Shirts and John D. Chodera},
	title = {Statistically optimal analysis of samples from multiple equilibrium states},
	journal = {The Journal of Chemical Physics}
}

@article{Kong_2003,
	doi = {10.1111/1467-9868.00404},
	url = {https://doi.org/10.1111%2F1467-9868.00404},
	year = 2003,
	month = {aug},
	publisher = {Wiley-Blackwell},
	volume = {65},
	number = {3},
	pages = {585--604},
	author = {A. Kong and P. McCullagh and X.-L. Meng and D. Nicolae and Z. Tan},
	title = {A theory of statistical models for Monte Carlo integration},
	journal = {Journal of the Royal Statistical Society: Series B (Statistical Methodology)}
}

@article{Zwanzig_1954,
	doi = {10.1063/1.1740409},
	url = {https://doi.org/10.1063%2F1.1740409},
	year = 1954,
	month = {aug},
	publisher = {{AIP} Publishing},
	volume = {22},
	number = {8},
	pages = {1420--1426},
	author = {Robert W. Zwanzig},
	title = {High-Temperature Equation of State by a Perturbation Method. I. Nonpolar Gases},
	journal = {The Journal of Chemical Physics}
}

@article{Jarzynski_1997a,
	doi = {10.1103/physrevlett.78.2690},
	url = {https://doi.org/10.1103%2Fphysrevlett.78.2690},
	year = 1997,
	month = {apr},
	publisher = {American Physical Society ({APS})},
	volume = {78},
	number = {14},
	pages = {2690--2693},
	author = {C. Jarzynski},
	title = {Nonequilibrium Equality for Free Energy Differences},
	journal = {Physical Review Letters}
}

@article{Jarzynski_1997b,
	doi = {10.1103/physreve.56.5018},
	url = {https://doi.org/10.1103%2Fphysreve.56.5018},
	year = 1997,
	month = {nov},
	publisher = {American Physical Society ({APS})},
	volume = {56},
	number = {5},
	pages = {5018--5035},
	author = {C. Jarzynski},
	title = {Equilibrium free-energy differences from nonequilibrium measurements: A master-equation approach},
	journal = {Physical Review E}
}

@article{Crooks_1999,
	doi = {10.1103/physreve.60.2721},
	url = {https://doi.org/10.1103%2Fphysreve.60.2721},
	year = 1999,
	month = {sep},
	publisher = {American Physical Society ({APS})},
	volume = {60},
	number = {3},
	pages = {2721--2726},
	author = {Gavin E. Crooks},
	title = {Entropy production fluctuation theorem and the nonequilibrium work relation for free energy differences},
	journal = {Physical Review E}
}

@article{Jarzynski_2006,
	doi = {10.1103/physreve.73.046105},
	url = {https://doi.org/10.1103%2Fphysreve.73.046105},
	year = 2006,
	month = {apr},
	publisher = {American Physical Society ({APS})},
	volume = {73},
	number = {4},
	author = {Christopher Jarzynski},
	title = {Rare events and the convergence of exponentially averaged work values},
	journal = {Physical Review E},
	pages = {046105-1--046105-10}
}

@article{Wu_2004,
	doi = {10.1103/physreve.70.066702},
	url = {https://doi.org/10.1103%2Fphysreve.70.066702},
	year = 2004,
	month = {dec},
	publisher = {American Physical Society ({APS})},
	volume = {70},
	number = {6},
	author = {Di Wu and David A. Kofke},
	title = {Asymmetric bias in free-energy perturbation measurements using two Hamiltonian-based models},
	journal = {Physical Review E},
	pages = {066702-1--066702-11}
}

@article{Kofke_2005,
	doi = {10.1016/j.fluid.2004.09.017},
	url = {https://doi.org/10.1016%2Fj.fluid.2004.09.017},
	year = 2005,
	month = {feb},
	publisher = {Elsevier {BV}},
	volume = {228-229},
	pages = {41--48},
	author = {David A. Kofke},
	title = {Free energy methods in molecular simulation},
	journal = {Fluid Phase Equilibria}
}

@article{Lu_2003,
	doi = {10.1063/1.1537241},
	url = {https://doi.org/10.1063%2F1.1537241},
	year = 2003,
	month = {feb},
	publisher = {{AIP} Publishing},
	volume = {118},
	number = {7},
	pages = {2977--2984},
	author = {Nandou Lu and Jayant K. Singh and David A. Kofke},
	title = {Appropriate methods to combine forward and reverse free-energy perturbation averages},
	journal = {The Journal of Chemical Physics}
}

@article{Lee_1980,
	doi = {10.1063/1.440698},
	url = {https://doi.org/10.1063%2F1.440698},
	year = 1980,
	month = {nov},
	publisher = {{AIP} Publishing},
	volume = {73},
	number = {9},
	pages = {4591--4596},
	author = {C. Y. Lee and H. L. Scott},
	title = {The surface tension of water: A Monte Carlo calculation using an umbrella sampling algorithm},
	journal = {The Journal of Chemical Physics}
}

@article{Bennett_1976,
	author = {Bennett, Charles H.},
	citeulike-article-id = {9052076},
	journal = {Journal of Computational Physics},
	keywords = {import\_march\_24\_2011},
	posted-at = {2011-03-24 04:07:39},
	priority = {2},
	title = {{Efficient Estimation of Free Energy Differences from Monte Carlo Data}},
	volume = {22},
	year = {1976}
}

@article{Han_1992,
	doi = {10.1016/0375-9601(92)91048-v},
	url = {https://doi.org/10.1016%2F0375-9601%2892%2991048-v},
	year = 1992,
	month = {may},
	publisher = {Elsevier {BV}},
	volume = {165},
	number = {1},
	pages = {28--32},
	author = {Kyu-Kwang Han},
	title = {A new Monte Carlo method for estimating free energy and chemical potential},
	journal = {Physics Letters A}
}

@article{Christ_2007,
	doi = {10.1063/1.2730508},
	url = {https://doi.org/10.1063%2F1.2730508},
	year = 2007,
	month = {may},
	publisher = {{AIP} Publishing},
	volume = {126},
	number = {18},
	pages = {184110},
	author = {Clara D. Christ and Wilfred F. van Gunsteren},
	title = {Enveloping distribution sampling: A method to calculate free energy differences from a single simulation},
	journal = {The Journal of Chemical Physics}
}

@article{Christ_2008,
	doi = {10.1063/1.2913050},
	url = {https://doi.org/10.1063%2F1.2913050},
	year = 2008,
	month = {may},
	publisher = {{AIP} Publishing},
	volume = {128},
	number = {17},
	pages = {174112},
	author = {Clara D. Christ and Wilfred F. van Gunsteren},
	title = {Multiple free energies from a single simulation: Extending enveloping distribution sampling to nonoverlapping phase-space distributions},
	journal = {The Journal of Chemical Physics}
}

@article{Christ_2009,
	doi = {10.1002/jcc.21325},
	url = {https://doi.org/10.1002%2Fjcc.21325},
	year = 2009,
	month = {aug},
	publisher = {Wiley-Blackwell},
	volume = {30},
	number = {11},
	pages = {1664--1679},
	author = {Clara D. Christ and Wilfred F. van Gunsteren},
	title = {Comparison of three enveloping distribution sampling Hamiltonians for the estimation of multiple free energy differences from a single simulation},
	journal = {Journal of Computational Chemistry}
}

@article{Christ_2011,
	doi = {10.1063/1.3596725},
	url = {https://doi.org/10.1063%2F1.3596725},
	year = 2011,
	month = {jun},
	publisher = {{AIP} Publishing},
	volume = {134},
	number = {22},
	pages = {229901},
	author = {Clara D. Christ and Wilfred F. van Gunsteren},
	title = {Erratum: ``Multiple free energies from a single simulation: Extending enveloping distribution sampling to nonoverlapping phase-space distributions'' [J. Chem. Phys. 128, 174112 (2008)]},
	journal = {The Journal of Chemical Physics}
}

@article{Chodera_2007,
	doi = {10.1021/ct0502864},
	url = {https://doi.org/10.1021%2Fct0502864},
	year = 2007,
	month = {jan},
	publisher = {American Chemical Society ({ACS})},
	volume = {3},
	number = {1},
	pages = {26--41},
	author = {John D. Chodera and William C. Swope and Jed W. Pitera and Chaok Seok and Ken A. Dill},
	title = {Use of the Weighted Histogram Analysis Method for the Analysis of Simulated and Parallel Tempering Simulations},
	journal = {Journal of Chemical Theory and Computation}
}

@article{Shirts_2003,
	doi = {10.1103/physrevlett.91.140601},
	url = {https://doi.org/10.1103%2Fphysrevlett.91.140601},
	year = 2003,
	month = {oct},
	publisher = {American Physical Society ({APS})},
	volume = {91},
	number = {14},
	author = {Michael R. Shirts and Eric Bair and Giles Hooker and Vijay S. Pande},
	title = {Equilibrium Free Energies from Nonequilibrium Measurements Using Maximum-Likelihood Methods},
	journal = {Physical Review Letters},
	pages = {140601-1--140601-3}
}

@article{Tan_2004,
	doi = {10.1198/016214504000001664},
	url = {https://doi.org/10.1198%2F016214504000001664},
	year = 2004,
	month = {dec},
	publisher = {Informa {UK} Limited},
	volume = {99},
	number = {468},
	pages = {1027--1036},
	author = {Zhiqiang Tan},
	title = {On a Likelihood Approach for Monte Carlo Integration},
	journal = {Journal of the American Statistical Association}
}

@article{Torrie_1977,
	doi = {10.1016/0021-9991(77)90121-8},
	url = {https://doi.org/10.1016%2F0021-9991%2877%2990121-8},
	year = 1977,
	month = {feb},
	publisher = {Elsevier {BV}},
	volume = {23},
	number = {2},
	pages = {187--199},
	author = {G.M. Torrie and J.P. Valleau},
	title = {Nonphysical sampling distributions in Monte Carlo free-energy estimation: Umbrella sampling},
	journal = {Journal of Computational Physics}
}

@article{Abreu_2006,
	doi = {10.1063/1.2165188},
	url = {https://doi.org/10.1063%2F1.2165188},
	year = 2006,
	month = {feb},
	publisher = {{AIP} Publishing},
	volume = {124},
	number = {5},
	pages = {054116-1--054116-12},
	author = {Charlles R. A. Abreu and Fernando A. Escobedo},
	title = {A general framework for non-Boltzmann Monte Carlo sampling},
	journal = {The Journal of Chemical Physics}
}

@article{Vardi_1985,
	doi = {10.1214/aos/1176346585},
	url = {https://doi.org/10.1214%2Faos%2F1176346585},
	year = 1985,
	month = {mar},
	publisher = {Institute of Mathematical Statistics},
	volume = {13},
	number = {1},
	pages = {178--203},
	author = {Y. Vardi},
	title = {Empirical Distributions in Selection Bias Models},
	journal = {The Annals of Statistics}
}

@article{Gill_1988,
	year = 1988,
	volume = {16},
	number = {3},
	pages = {1069--1112},
	author = {Richard D. Gill and Yehuda Vardi and Jon A. Wellner},
	title = {Large Sample Theory of Empirical Distributions in Biased Sampling Models},
	journal = {The Annals of Statistics}
}

@techreport{Geyer_1994,
	author = {Charles J. Geyer},
	title = {Estimating Normalizing Constants and Reweighting Mixtures in Markov Chain Monte Carlo},
	year = {1994},
	number = {568},
	address = {School of Statistics, University of Minnesota, Minneapolis}
}

@article{Meng_1996,
	ISSN = {10170405, 19968507},
	URL = {http://www.jstor.org/stable/24306045},
	author = {Xiao-Li Meng and Wing Hung Wong},
	journal = {Statistica Sinica},
	number = {4},
	pages = {831-860},
	publisher = {Institute of Statistical Science, Academia Sinica},
	title = {SIMULATING RATIOS OF NORMALIZING CONSTANTS VIA A SIMPLE IDENTITY: A THEORETICAL EXPLORATION},
	volume = {6},
	year = {1996}
}

@article{Kofke_1998,
	doi = {10.1016/s0378-3812(98)00274-x},
	url = {https://doi.org/10.1016%2Fs0378-3812%2898%2900274-x},
	year = 1998,
	month = {sep},
	publisher = {Elsevier {BV}},
	volume = {150-151},
	pages = {41--49},
	author = {David A Kofke and Peter T Cummings},
	title = {Precision and accuracy of staged free-energy perturbation methods for computing the chemical potential by molecular simulation},
	journal = {Fluid Phase Equilibria}
}

@article{Berg_1992,
	doi = {10.1103/physrevlett.68.9},
	url = {https://doi.org/10.1103%2Fphysrevlett.68.9},
	year = 1992,
	month = {jan},
	publisher = {American Physical Society ({APS})},
	volume = {68},
	number = {1},
	pages = {9--12},
	author = {Bernd A. Berg and Thomas Neuhaus},
	title = {Multicanonical ensemble: A new approach to simulate first-order phase transitions},
	journal = {Physical Review Letters}
}

@article{Lee_1993,
	doi = {10.1103/physrevlett.71.211},
	url = {https://doi.org/10.1103%2Fphysrevlett.71.211},
	year = 1993,
	month = {jul},
	publisher = {American Physical Society ({APS})},
	volume = {71},
	number = {2},
	pages = {211--214},
	author = {Jooyoung Lee},
	title = {New Monte Carlo algorithm: Entropic sampling},
	journal = {Physical Review Letters}
}

@article{Lyubartsev_1992,
	doi = {10.1063/1.462133},
	url = {https://doi.org/10.1063%2F1.462133},
	year = 1992,
	month = {feb},
	publisher = {{AIP} Publishing},
	volume = {96},
	number = {3},
	pages = {1776--1783},
	author = {A. P. Lyubartsev and A. A. Martsinovski and S. V. Shevkunov and P. N. Vorontsov-Velyaminov},
	title = {New approach to Monte Carlo calculation of the free energy: Method of expanded ensembles},
	journal = {The Journal of Chemical Physics}
}

@article{Nymeyer_2010,
	doi = {10.1063/1.3480013},
	url = {https://doi.org/10.1063%2F1.3480013},
	year = 2010,
	month = {sep},
	publisher = {{AIP} Publishing},
	volume = {133},
	number = {11},
	pages = {114113},
	author = {Hugh Nymeyer},
	title = {Serial tempering without exchange},
	journal = {The Journal of Chemical Physics}
}

@article{Escobedo_2007,
	doi = {10.1063/1.2800320},
	url = {https://doi.org/10.1063%2F1.2800320},
	year = 2007,
	month = {nov},
	publisher = {{AIP} Publishing},
	volume = {127},
	number = {17},
	pages = {174103},
	author = {Fernando A. Escobedo and Francisco J. Martinez-Veracoechea},
	title = {Optimized expanded ensembles for simulations involving molecular insertions and deletions. I. Closed systems},
	journal = {The Journal of Chemical Physics}
}

@article{Escobedo_2008,
	doi = {10.1063/1.2994717},
	url = {https://doi.org/10.1063%2F1.2994717},
	year = 2008,
	month = {oct},
	publisher = {{AIP} Publishing},
	volume = {129},
	number = {15},
	pages = {154107},
	author = {Fernando A. Escobedo and Francisco J. Martinez-Veracoechea},
	title = {Optimization of expanded ensemble methods},
	journal = {The Journal of Chemical Physics}
}

@article{Martinez_2008,
	doi = {10.1021/jp801688p},
	url = {https://doi.org/10.1021%2Fjp801688p},
	year = 2008,
	month = {jul},
	publisher = {American Chemical Society ({ACS})},
	volume = {112},
	number = {27},
	pages = {8120--8128},
	author = {Francisco J. Martinez-Veracoechea and Fernando A. Escobedo},
	title = {Variance Minimization of Free Energy Estimates from Optimized Expanded Ensembles},
	journal = {The Journal of Physical Chemistry B}
}

@article{Trebst_2004,
	doi = {10.1103/physreve.70.046701},
	url = {https://doi.org/10.1103%2Fphysreve.70.046701},
	year = 2004,
	month = {oct},
	publisher = {American Physical Society ({APS})},
	volume = {70},
	number = {4},
	author = {Simon Trebst and David A. Huse and Matthias Troyer},
	title = {Optimizing the ensemble for equilibration in broad-histogram Monte Carlo simulations},
	journal = {Physical Review E}
}

@article{Trebst_2006,
	doi = {10.1063/1.2186639},
	url = {https://doi.org/10.1063%2F1.2186639},
	year = 2006,
	month = {may},
	publisher = {{AIP} Publishing},
	volume = {124},
	number = {17},
	pages = {174903},
	author = {Simon Trebst and Matthias Troyer and Ulrich H. E. Hansmann},
	title = {Optimized parallel tempering simulations of proteins},
	journal = {The Journal of Chemical Physics}
}

@article{Katzgraber_2006,
	author={Helmut G Katzgraber and Simon Trebst and David A Huse and Matthias Troyer},
	title={Feedback-optimized parallel tempering Monte Carlo},
	journal={Journal of Statistical Mechanics: Theory and Experiment},
	volume={2006},
	number={03},
	pages={P03018},
	url={http://stacks.iop.org/1742-5468/2006/i=03/a=P03018},
	year={2006}
}

@book{Pawitan_2001,
	address = {Oxford, UK},
	author = {Pawitan, Y.},
	publisher = {Oxford University Press},
	title = {{In all likelihood: statistical modelling and inference using likelihood}},
	year = {2001}
}

@book{Greene_2012,
	title={Econometric Analysis},
	author={Greene, W.H.},
	year={2012},
	edition=7,
	publisher={Prentice Hall},
	address={Boston, MA, USA}
}

@book{Lindsay_1995,
	address = {Hayward, CA, USA},
	author = {Lindsay, B. G.},
	keywords = {basic, methods, overview, textbook, thesis},
	publisher = {Institute of Mathematical Statistics},
	series = {NSF-CBMS Conference Series in Probability and Statistics},
	title = {{Mixture Models: Theory, Geometry and Applications}},
	year = {1995}
}

@article {Doss_2014,
	author = {Doss, Hani and Tan, Aixin},
	title = {Estimates and standard errors for ratios of normalizing constants from multiple Markov chains via regeneration},
	journal = {Journal of the Royal Statistical Society: Series B (Statistical Methodology)},
	volume = {76},
	number = {4},
	issn = {1467-9868},
	url = {http://dx.doi.org/10.1111/rssb.12049},
	doi = {10.1111/rssb.12049},
	pages = {683--712},
	keywords = {Geometric ergodicity, Importance sampling, Markov chain Monte Carlo methods, Ratios of normalizing constants, Regenerative simulation, Standard errors},
	year = {2014}
}

@article{Geyer_1992,
	ISSN = {00359246},
	URL = {http://www.jstor.org/stable/2345852},
	author = {Charles J. Geyer and Elizabeth A. Thompson},
	journal = {Journal of the Royal Statistical Society. Series B (Methodological)},
	number = {3},
	pages = {657-699},
	publisher = {[Royal Statistical Society, Wiley]},
	title = {Constrained Monte Carlo Maximum Likelihood for Dependent Data},
	volume = {54},
	year = {1992}
}

@article{Klimovich_2015,
	doi = {10.1007/s10822-015-9840-9},
	url = {https://doi.org/10.1007%2Fs10822-015-9840-9},
	year = 2015,
	month = {mar},
	publisher = {Springer Nature},
	volume = {29},
	number = {5},
	pages = {397--411},
	author = {Pavel V. Klimovich and Michael R. Shirts and David L. Mobley},
	title = {Guidelines for the analysis of free energy calculations},
	journal = {Journal of Computer-Aided Molecular Design}
}

@article{Beutler_1994,
	doi = {10.1016/0009-2614(94)00397-1},
	url = {https://doi.org/10.1016%2F0009-2614%2894%2900397-1},
	year = 1994,
	month = {jun},
	publisher = {Elsevier {BV}},
	volume = {222},
	number = {6},
	pages = {529--539},
	author = {Thomas C. Beutler and Alan E. Mark and Ren{\'{e}} C. van Schaik and Paul R. Gerber and Wilfred F. van Gunsteren},
	title = {Avoiding singularities and numerical instabilities in free energy calculations based on molecular simulations},
	journal = {Chemical Physics Letters}
}

@misc{Shirts_2017,
	Author = {Michael R. Shirts},
	Title = {Reweighting from the mixture distribution as a better way to describe the Multistate Bennett Acceptance Ratio},
	Year = {2017},
	Eprint = {arXiv:1704.00891},
}

@incollection{Marin_2005,
	doi = {10.1016/s0169-7161(05)25016-2},
	url = {https://doi.org/10.1016%2Fs0169-7161%2805%2925016-2},
	year = 2005,
	publisher = {Elsevier},
	pages = {459--507},
	author = {Jean-Michel Marin and Kerrie Mengersen and Christian P. Robert},
	title = {Bayesian Modelling and Inference on Mixtures of Distributions},
	booktitle = {Handbook of Statistics}
}
